<record xmlns="http://www.loc.gov/MARC21/slim" xmlns:xsi="http://www.w3.org/2001/XMLSchema-instance" xsi:schemaLocation="http://www.loc.gov/MARC21/slim http://www.loc.gov/standards/marcxml/schema/MARC21slim.xsd"><leader>01784nam a2200349   4500</leader><controlfield tag="001">002823564</controlfield><controlfield tag="003">NNU</controlfield><controlfield tag="006">m        d        </controlfield><controlfield tag="007">cr cn |||m|||a</controlfield><controlfield tag="008">150110s1926    ua ac   o     000 p ara d</controlfield><datafield ind1=" " ind2=" " tag="040"><subfield code="a">NNU</subfield><subfield code="b">eng</subfield><subfield code="c">NNU</subfield></datafield><datafield ind1=" " ind2="4" tag="050"><subfield code="a">PJ7808.S5</subfield><subfield code="b">M3 1926</subfield></datafield><datafield ind1="1" ind2=" " tag="100"><subfield code="6">880-01</subfield><subfield code="a">Abu&#772; Sha&#772;di&#772;, Ah&#803;mad Zaki&#772;,</subfield><subfield code="d">1892-1955.</subfield></datafield><datafield ind1="1" ind2="0" tag="245"><subfield code="6">880-02</subfield><subfield code="a">Maha&#772;</subfield><subfield code="h">[electronic resource] :</subfield><subfield code="b">qis&#803;s&#803;ah ghara&#772;mi&#772;yah Sharqi&#772;yah /</subfield><subfield code="c">Ah&#803;mad Zaki&#772; Abu&#772; Sha&#772;di&#772;.</subfield></datafield><datafield ind1=" " ind2=" " tag="260"><subfield code="6">880-03</subfield><subfield code="a">Mis&#803;r :</subfield><subfield code="b">al-Mat&#803;ba&#699;ah al-Salafi&#772;yah,</subfield><subfield code="c">1926.</subfield></datafield><datafield ind1=" " ind2=" " tag="300"><subfield code="a">online resource (127 p.) :</subfield><subfield code="b">ill., ports.</subfield></datafield><datafield ind1=" " ind2=" " tag="500"><subfield code="a">Part of the Arabic Collections Online (ACO) project, contributed by New York Univeristy Libraries.</subfield></datafield><datafield ind1=" " ind2=" " tag="520"><subfield code="a">A romantic story, in verse; with a preface by H&#803;abi&#772;b Ja&#772;ma&#772;ni&#772;, and and essay on poetry and criticism, entitled "Naz&#803;ara&#772;t wa-mula&#772;h&#803;az&#803;a&#772;t", by the main author (p. [57]-90).</subfield></datafield><datafield ind1=" " ind2=" " tag="533"><subfield code="a">Electronic reproduction.</subfield><subfield code="b">New York, N.Y. :</subfield><subfield code="c">New York University,</subfield><subfield code="d">2015.</subfield><subfield code="5">NNU</subfield></datafield><datafield ind1=" " ind2="0" tag="650"><subfield code="a">Arabic poetry</subfield><subfield code="y">20th century</subfield><subfield code="x">History and criticism.</subfield></datafield><datafield ind1=" " ind2="7" tag="650"><subfield code="a">Arabic poetry.</subfield><subfield code="2">fast</subfield><subfield code="0">(OCoLC)fst00812533</subfield></datafield><datafield ind1=" " ind2="7" tag="648"><subfield code="a">1900 - 1999</subfield><subfield code="2">fast</subfield></datafield><datafield ind1=" " ind2="7" tag="655"><subfield code="a">Criticism, interpretation, etc.</subfield><subfield code="2">fast</subfield><subfield code="0">(OCoLC)fst01411635</subfield></datafield><datafield ind1="2" ind2=" " tag="710"><subfield code="a">New York University.</subfield><subfield code="b">Libraries.</subfield></datafield><datafield ind1="0" ind2=" " tag="730"><subfield code="a">Arabic Collections Online.</subfield></datafield><datafield ind1="0" ind2="8" tag="776"><subfield code="i">Print version:</subfield><subfield code="a">Abu&#772; Sha&#772;di&#772;, Ah&#803;mad Zaki&#772;, 1892-1955.</subfield><subfield code="t">Maha&#772;</subfield><subfield code="w">(NNU)002823564</subfield></datafield><datafield ind1="4" ind2="0" tag="856"><subfield code="u">http://hdl.handle.net/2333.1/g4f4qt9d</subfield></datafield><datafield ind1="1" ind2=" " tag="880"><subfield code="6">100-01/</subfield><subfield code="a">&#1575;&#1576;&#1608; &#1588;&#1575;&#1583;&#1610;&#1548; &#1575;&#1581;&#1605;&#1583; &#1586;&#1603;&#1610;.</subfield></datafield><datafield ind1="1" ind2="0" tag="880"><subfield code="6">245-02/</subfield><subfield code="a">&#1605;&#1607;&#1575; :</subfield><subfield code="b">&#1602;&#1589;&#1577; &#1594;&#1585;&#1575;&#1605;&#1610;&#1577; &#1588;&#1585;&#1602;&#1610;&#1577; /</subfield><subfield code="c">&#1575;&#1581;&#1605;&#1583; &#1586;&#1603;&#1610; &#1575;&#1576;&#1608; &#1588;&#1575;&#1583;&#1610;.</subfield></datafield><datafield ind1=" " ind2=" " tag="880"><subfield code="6">260-03/</subfield><subfield code="a">&#1605;&#1589;&#1585; :</subfield><subfield code="b">&#1575;&#1604;&#1605;&#1591;&#1576;&#1593;&#1577; &#1575;&#1604;&#1587;&#1604;&#1601;&#1610;&#1577;&#1548;</subfield><subfield code="c">1926.</subfield></datafield><datafield ind1=" " ind2=" " tag="959"><subfield code="a">NNU</subfield><subfield code="b">WEB</subfield><subfield code="c">GENI</subfield><subfield code="t">0</subfield><subfield code="m">Electronic access</subfield><subfield code="s">01</subfield></datafield><datafield ind1=" " ind2=" " tag="999"><subfield code="i">NNU_002823564</subfield><subfield code="o" /></datafield></record>